@inproceedings{ethan:guidelines,
    author={Ethan Shernan and Henry Carter and Dave Tian and Patrick Traynor and  Kevin Butler},
    title={{More Guidelines Than Rules: CSRF Vulnerabilities from Noncompliant OAuth 2.0 Implementations}},
    booktitle={Detection of Intrusions and Malware, and Vulnerability Assessment, pp.239-260},
}
@inproceedings{barth:robust-defenses,
    author={Adam Barth and Collin Jackson and John C. Mitchell},
    title={{Robust Defenses for Cross-Site Request Forgery}},
    booktitle={ACM CCS 2008},
}
@online{bala:login-csrf,
    author={Balamurugan Prabakaran and Gurumurthy Athisenbagam and Karthik Thotta Ganesh},
    title={{Identifying Robust Defenses for Login CSRF}},
    note = { Available at \url{https://www.cs.uic.edu/~bprabaka/LoginCSRF.pdf}},
    url={https://www.cs.uic.edu/~bprabaka/LoginCSRF.pdf},
}
@online{homakov:cheat-sheet,
	title={{OAuth Security Cheat Sheet}},
	note = { Available at \url{http://www.oauthsecurity.com/}},
	url={http://www.oauthsecurity.com/},
}

@online{sanso:impl-vuln,
	title={{Top 10 OAuth 2 Implementation Vulnerabilities}},
	note = { Available at \url{http://blog.intothesymmetry.com/2015/12/top-10-oauth-2-implementation.html}},
	url={http://blog.intothesymmetry.com/2015/12/top-10-oauth-2-implementation.html},
}

@online{eran:oauth,
	title={{OAuth}},
	note = { Available at \url{https://hueniverse.com/oauth/}},
	url={https://hueniverse.com/oauth/}},
}


